<?xml version="1.0" encoding="UTF-8"?><collection xmlns="http://www.loc.gov/MARC21/slim"><record><leader>00344nam--2200133-i-4500</leader><controlfield tag="001">000000146</controlfield><controlfield tag="002">20161230</controlfield><controlfield tag="005">20161230201023</controlfield><controlfield tag="008">060222s1000------------r-----000-0-eng-d</controlfield><datafield ind1=" " ind2=" " tag="080"><subfield code="a">681.3.06</subfield></datafield><datafield ind1=" " ind2=" " tag="100"><subfield code="a">Germain, Clarence B</subfield></datafield><datafield ind1=" " ind2=" " tag="245"><subfield code="a">Programming the ibm 360</subfield></datafield><datafield ind1=" " ind2=" " tag="260"><subfield code="a">Englewood Cliffs, N.J., West Publishing Comp. X + 366 P</subfield></datafield><datafield ind1=" " ind2=" " tag="852"><subfield code="a">41276</subfield></datafield></record></collection>